<?xml version="1.0" encoding="UTF-8"?>
   <collection xmlns="http://www.loc.gov/MARC21/slim">
      <record>
         <leader>00000nz  a2200169   4500</leader>
         <controlfield tag="001">30004318</controlfield>
         <controlfield tag="003">RISM</controlfield>
         <controlfield tag="005">20160216</controlfield>
         <controlfield tag="008">160216n||az|||||||##########||||||||||||</controlfield>
         <datafield tag="040" ind1=" " ind2=" ">
            <subfield code="a">IL-Brc</subfield>
         </datafield>
         <datafield tag="043" ind1=" " ind2=" ">
            <subfield code="c">XB-IL</subfield>
         </datafield>
         <datafield tag="110" ind1="2" ind2=" ">
            <subfield code="a">The Samuel Rubin Conservatory &lt;B*e32er-Sheva'&gt;</subfield>
            <subfield code="c">B*e32er-Sheva'</subfield>
            <subfield code="g">IL-Brc</subfield>
         </datafield>
         <datafield tag="622" ind1=" " ind2=" ">
            <subfield code="e">The Samuel Rubin Conservatory, Derekh Hameshahrerim 10, Be32er-Sheva', Israel</subfield>
         </datafield>
      </record>