
      <record>
         <leader>00000nz  a2200169   4500</leader>
         <controlfield tag="001">30004319</controlfield>
         <controlfield tag="003">RISM</controlfield>
         <controlfield tag="005">20160216</controlfield>
         <controlfield tag="008">160216n||az|||||||##########||||||||||||</controlfield>
         <datafield tag="040" ind1=" " ind2=" ">
            <subfield code="a">IL-Hml</subfield>
         </datafield>
         <datafield tag="043" ind1=" " ind2=" ">
            <subfield code="c">XB-IL</subfield>
         </datafield>
         <datafield tag="110" ind1="2" ind2=" ">
            <subfield code="a">The Haifa Music Museum and Amli Library &lt;Haifa&gt;</subfield>
            <subfield code="c">Haifa</subfield>
            <subfield code="g">IL-Hml</subfield>
         </datafield>
         <datafield tag="622" ind1=" " ind2=" ">
            <subfield code="e">The Haifa Music Museum and Amli Library, 23 Arlosoroff Street, 33051 Haifa (P., O. Box 5111), Israel</subfield>
         </datafield>
      </record>