
      <record>
         <leader>00000nz  a2200169   4500</leader>
         <controlfield tag="001">30004320</controlfield>
         <controlfield tag="003">RISM</controlfield>
         <controlfield tag="005">20160216</controlfield>
         <controlfield tag="008">160216n||az|||||||##########||||||||||||</controlfield>
         <datafield tag="040" ind1=" " ind2=" ">
            <subfield code="a">IL-Hul</subfield>
         </datafield>
         <datafield tag="043" ind1=" " ind2=" ">
            <subfield code="c">XB-IL</subfield>
         </datafield>
         <datafield tag="110" ind1="2" ind2=" ">
            <subfield code="a">University of Haifa, Library &lt;Haifa&gt;</subfield>
            <subfield code="c">Haifa</subfield>
            <subfield code="g">IL-Hul</subfield>
         </datafield>
         <datafield tag="622" ind1=" " ind2=" ">
            <subfield code="e">University of Haifa, Library, Mount Carmel, 34984 Haifa, Israel</subfield>
            <subfield code="u">http://lib.haifa.ac.il</subfield>
         </datafield>
      </record>