
      <record>
         <leader>00000nz  a2200169   4500</leader>
         <controlfield tag="001">30002004</controlfield>
         <controlfield tag="003">RISM</controlfield>
         <controlfield tag="005">20160216</controlfield>
         <controlfield tag="008">160216n||az|||||||##########||||||||||||</controlfield>
         <datafield tag="040" ind1=" " ind2=" ">
            <subfield code="a">IL-J</subfield>
         </datafield>
         <datafield tag="043" ind1=" " ind2=" ">
            <subfield code="c">XB-IL</subfield>
         </datafield>
         <datafield tag="110" ind1="2" ind2=" ">
            <subfield code="a">The National Library of Israel</subfield>
            <subfield code="c">Jerusalem</subfield>
            <subfield code="g">IL-J</subfield>
         </datafield>
         <datafield tag="410" ind1="2" ind2=" ">
            <subfield code="a">Jewish National and University Library, Music Department</subfield>
         </datafield>
         <datafield tag="410" ind1="2" ind2=" ">
            <subfield code="a">National Sound Archives, Hebrew University of Jerusalem</subfield>
         </datafield>
         <datafield tag="622" ind1=" " ind2=" ">
            <subfield code="e">The National Library of Israel, Edmond J. Safra Campus, Givat Ram, PO Box 39105, Jerusalem, Israel</subfield>
            <subfield code="u">http://www.jnul.huji.ac.il</subfield>
         </datafield>
      </record>