
      <record>
         <leader>00000nz  a2200169   4500</leader>
         <controlfield tag="001">30004322</controlfield>
         <controlfield tag="003">RISM</controlfield>
         <controlfield tag="005">20160216</controlfield>
         <controlfield tag="008">160216n||az|||||||##########||||||||||||</controlfield>
         <datafield tag="040" ind1=" " ind2=" ">
            <subfield code="a">IL-Jap</subfield>
         </datafield>
         <datafield tag="043" ind1=" " ind2=" ">
            <subfield code="c">XB-IL</subfield>
         </datafield>
         <datafield tag="110" ind1="2" ind2=" ">
            <subfield code="a">Armenian Patriarchate, Libraries &lt;Jerusalem&gt;</subfield>
            <subfield code="c">Jerusalem</subfield>
            <subfield code="g">IL-Jap</subfield>
         </datafield>
         <datafield tag="622" ind1=" " ind2=" ">
            <subfield code="e">Armenian Patriarchate, Libraries, Armenian Patriarchate Road, Jerusalem, Israel</subfield>
            <subfield code="u">http://www.armenian-patriarchate.org</subfield>
         </datafield>
      </record>