
      <record>
         <leader>00000nz  a2200169   4500</leader>
         <controlfield tag="001">30004332</controlfield>
         <controlfield tag="003">RISM</controlfield>
         <controlfield tag="005">20160216</controlfield>
         <controlfield tag="008">160216n||az|||||||##########||||||||||||</controlfield>
         <datafield tag="040" ind1=" " ind2=" ">
            <subfield code="a">IL-Jbr</subfield>
         </datafield>
         <datafield tag="043" ind1=" " ind2=" ">
            <subfield code="c">XB-IL</subfield>
         </datafield>
         <datafield tag="110" ind1="2" ind2=" ">
            <subfield code="a">Israel Broadcasting Authority, Records and Tapes Department</subfield>
            <subfield code="c">Jerusalem</subfield>
            <subfield code="g">IL-Jbr</subfield>
         </datafield>
         <datafield tag="622" ind1=" " ind2=" ">
            <subfield code="e">Israel Broadcasting Authority, Records, and Tapes Department, 21 Heleni Hamalka Street, 94221, Jerusalem, Israel</subfield>
         </datafield>
      </record>