
      <record>
         <leader>00000nz  a2200169   4500</leader>
         <controlfield tag="001">30004330</controlfield>
         <controlfield tag="003">RISM</controlfield>
         <controlfield tag="005">20160216</controlfield>
         <controlfield tag="008">160216n||az|||||||##########||||||||||||</controlfield>
         <datafield tag="040" ind1=" " ind2=" ">
            <subfield code="a">IL-Jbs</subfield>
         </datafield>
         <datafield tag="043" ind1=" " ind2=" ">
            <subfield code="c">XB-IL</subfield>
         </datafield>
         <datafield tag="110" ind1="2" ind2=" ">
            <subfield code="a">Israel Broadcasting Authority, Jerusalem Symphony Orchestra Library</subfield>
            <subfield code="c">Jerusalem</subfield>
            <subfield code="g">IL-Jbs</subfield>
         </datafield>
         <datafield tag="622" ind1=" " ind2=" ">
            <subfield code="e">Israel Broadcasting Authority,, Jerusalem Symphony Orchestra Library, YMCA Building, King David Street,, Jerusalem, Israel</subfield>
         </datafield>
      </record>