
      <record>
         <leader>00000nz  a2200169   4500</leader>
         <controlfield tag="001">30004335</controlfield>
         <controlfield tag="003">RISM</controlfield>
         <controlfield tag="005">20160216</controlfield>
         <controlfield tag="008">160216n||az|||||||##########||||||||||||</controlfield>
         <datafield tag="040" ind1=" " ind2=" ">
            <subfield code="a">IL-Jpolacek</subfield>
         </datafield>
         <datafield tag="043" ind1=" " ind2=" ">
            <subfield code="c">XB-IL</subfield>
         </datafield>
         <datafield tag="110" ind1="2" ind2=" ">
            <subfield code="a">Jehudah Polacek, private archive</subfield>
            <subfield code="c">Jerusalem</subfield>
            <subfield code="g">IL-Jpolacek</subfield>
         </datafield>
         <datafield tag="622" ind1=" " ind2=" ">
            <subfield code="e">Jehudah Polacek, private archive, 5 Moshe Hess Street, Jerusalem, Israel</subfield>
         </datafield>
      </record>