
      <record>
         <leader>00000nz  a2200169   4500</leader>
         <controlfield tag="001">30004334</controlfield>
         <controlfield tag="003">RISM</controlfield>
         <controlfield tag="005">20160216</controlfield>
         <controlfield tag="008">160216n||az|||||||##########||||||||||||</controlfield>
         <datafield tag="040" ind1=" " ind2=" ">
            <subfield code="a">IL-Jsm</subfield>
         </datafield>
         <datafield tag="043" ind1=" " ind2=" ">
            <subfield code="c">XB-IL</subfield>
         </datafield>
         <datafield tag="110" ind1="2" ind2=" ">
            <subfield code="a">The Israel Institute for Sacred Music</subfield>
            <subfield code="c">Jerusalem</subfield>
            <subfield code="g">IL-Jsm</subfield>
         </datafield>
         <datafield tag="622" ind1=" " ind2=" ">
            <subfield code="e">The Israel Institute for Sacred Music, Hekhal Shlomo Building, 59 King George, Street, P. O. Box 7167, 91070 Jerusalem, Israel</subfield>
         </datafield>
      </record>