
      <record>
         <leader>00000nz  a2200169   4500</leader>
         <controlfield tag="001">30004324</controlfield>
         <controlfield tag="003">RISM</controlfield>
         <controlfield tag="005">20160216</controlfield>
         <controlfield tag="008">160216n||az|||||||##########||||||||||||</controlfield>
         <datafield tag="040" ind1=" " ind2=" ">
            <subfield code="a">IL-Jug</subfield>
         </datafield>
         <datafield tag="043" ind1=" " ind2=" ">
            <subfield code="c">XB-IL</subfield>
         </datafield>
         <datafield tag="110" ind1="2" ind2=" ">
            <subfield code="a">Hebrew University of Jerusalem, E. Gerson-Kiwi Collection of Jewish and Oriental Music</subfield>
            <subfield code="c">Jerusalem</subfield>
            <subfield code="g">IL-Jug</subfield>
         </datafield>
         <datafield tag="410" ind1="2" ind2=" ">
            <subfield code="a">Ethnological Institute of Jewish and Oriental Music and Archives of Jewish and Oriental Music</subfield>
         </datafield>
         <datafield tag="580" ind1=" " ind2=" ">
            <subfield code="x">IL-J</subfield>
            <subfield code="0">30002004</subfield>
         </datafield>
      </record>