
      <record>
         <leader>00000nz  a2200169   4500</leader>
         <controlfield tag="001">30004336</controlfield>
         <controlfield tag="003">RISM</controlfield>
         <controlfield tag="005">20160216</controlfield>
         <controlfield tag="008">160216n||az|||||||##########||||||||||||</controlfield>
         <datafield tag="040" ind1=" " ind2=" ">
            <subfield code="a">IL-RGu</subfield>
         </datafield>
         <datafield tag="043" ind1=" " ind2=" ">
            <subfield code="c">XB-IL</subfield>
         </datafield>
         <datafield tag="110" ind1="2" ind2=" ">
            <subfield code="a">The Wurzweiler Library, Bar Ilan University</subfield>
            <subfield code="c">Ramat Gan</subfield>
            <subfield code="g">IL-RGu</subfield>
         </datafield>
         <datafield tag="622" ind1=" " ind2=" ">
            <subfield code="e">The Wurzweiler Library, Bar Ilan, University, Ramat Gan, Israel</subfield>
         </datafield>
      </record>