
      <record>
         <leader>00000nz  a2200169   4500</leader>
         <controlfield tag="001">30004337</controlfield>
         <controlfield tag="003">RISM</controlfield>
         <controlfield tag="005">20160216</controlfield>
         <controlfield tag="008">160216n||az|||||||##########||||||||||||</controlfield>
         <datafield tag="040" ind1=" " ind2=" ">
            <subfield code="a">IL-Ta</subfield>
         </datafield>
         <datafield tag="043" ind1=" " ind2=" ">
            <subfield code="c">XB-IL</subfield>
         </datafield>
         <datafield tag="110" ind1="2" ind2=" ">
            <subfield code="a">Amli Central Music and Dance Library in Israel</subfield>
            <subfield code="c">Tel Aviv</subfield>
            <subfield code="g">IL-Ta</subfield>
         </datafield>
         <datafield tag="410" ind1="2" ind2=" ">
            <subfield code="a">Central Music Library in Israel</subfield>
         </datafield>
         <datafield tag="622" ind1=" " ind2=" ">
            <subfield code="e">Amli Central Music and Dance Library in, Israel, 26 Bialik Street, 65421 Tel Aviv, Israel</subfield>
         </datafield>
      </record>