
      <record>
         <leader>00000nz  a2200169   4500</leader>
         <controlfield tag="001">30004338</controlfield>
         <controlfield tag="003">RISM</controlfield>
         <controlfield tag="005">20160216</controlfield>
         <controlfield tag="008">160216n||az|||||||##########||||||||||||</controlfield>
         <datafield tag="040" ind1=" " ind2=" ">
            <subfield code="a">IL-Tmi</subfield>
         </datafield>
         <datafield tag="043" ind1=" " ind2=" ">
            <subfield code="c">XB-IL</subfield>
         </datafield>
         <datafield tag="110" ind1="2" ind2=" ">
            <subfield code="a">Israel Music Institute</subfield>
            <subfield code="c">Tel Aviv</subfield>
            <subfield code="g">IL-Tmi</subfield>
         </datafield>
         <datafield tag="622" ind1=" " ind2=" ">
            <subfield code="e">Israel Music Institute, P. O. Box 11253, 6 Shderot Chen, 64071, Tel Aviv, Israel</subfield>
         </datafield>
      </record>