
      <record>
         <leader>00000nz  a2200169   4500</leader>
         <controlfield tag="001">30002005</controlfield>
         <controlfield tag="003">RISM</controlfield>
         <controlfield tag="005">20160216</controlfield>
         <controlfield tag="008">160216n||az|||||||##########||||||||||||</controlfield>
         <datafield tag="040" ind1=" " ind2=" ">
            <subfield code="a">IL-Ttoeplitz</subfield>
         </datafield>
         <datafield tag="043" ind1=" " ind2=" ">
            <subfield code="c">XB-IL</subfield>
         </datafield>
         <datafield tag="110" ind1="2" ind2=" ">
            <subfield code="a">Privatbibliothek Dr. Uri Toeplitz</subfield>
            <subfield code="c">Tel Aviv</subfield>
            <subfield code="g">IL-Ttoeplitz</subfield>
         </datafield>
         <datafield tag="622" ind1=" " ind2=" ">
            <subfield code="e">Privatbibliothek Dr. Uri Toeplitz, Tel Aviv, Israel</subfield>
         </datafield>
      </record>