
      <record>
         <leader>00000nz  a2200169   4500</leader>
         <controlfield tag="001">30004340</controlfield>
         <controlfield tag="003">RISM</controlfield>
         <controlfield tag="005">20160216</controlfield>
         <controlfield tag="008">160216n||az|||||||##########||||||||||||</controlfield>
         <datafield tag="040" ind1=" " ind2=" ">
            <subfield code="a">IL-Tum</subfield>
         </datafield>
         <datafield tag="043" ind1=" " ind2=" ">
            <subfield code="c">XB-IL</subfield>
         </datafield>
         <datafield tag="110" ind1="2" ind2=" ">
            <subfield code="a">The Mark L. Grinstein Music Library, Library of the Israel Academy of Music, Tel Aviv University</subfield>
            <subfield code="c">Tel Aviv</subfield>
            <subfield code="g">IL-Tum</subfield>
         </datafield>
         <datafield tag="622" ind1=" " ind2=" ">
            <subfield code="e">The Mark L. Grinstein Music Library,, Library of the Israel Academy of Music,, Tel Aviv University, Ramat Aviv (Tel Aviv), Israel</subfield>
         </datafield>
      </record>