
      <record>
         <leader>00000nz  a2200169   4500</leader>
         <controlfield tag="001">30004339</controlfield>
         <controlfield tag="003">RISM</controlfield>
         <controlfield tag="005">20160216</controlfield>
         <controlfield tag="008">160216n||az|||||||##########||||||||||||</controlfield>
         <datafield tag="040" ind1=" " ind2=" ">
            <subfield code="a">IL-Tus</subfield>
         </datafield>
         <datafield tag="043" ind1=" " ind2=" ">
            <subfield code="c">XB-IL</subfield>
         </datafield>
         <datafield tag="110" ind1="2" ind2=" ">
            <subfield code="a">Elias Sourasky Library, Tel Aviv University</subfield>
            <subfield code="c">Tel Aviv</subfield>
            <subfield code="g">IL-Tus</subfield>
         </datafield>
         <datafield tag="622" ind1=" " ind2=" ">
            <subfield code="e">Elias Sourasky Library, Tel Aviv, University, P. O. Box 39038, Ramat Aviv (Tel Aviv), Israel</subfield>
         </datafield>
      </record>
   </collection>
 
